[gd_scene load_steps=13 format=2]

[ext_resource path="res://resources/img/dynamite.png" type="Texture" id=1]
[ext_resource path="res://resources/img/firework_spritesheet.png" type="Texture" id=2]
[ext_resource path="res://scenes/Dynamite.gd" type="Script" id=3]

[sub_resource type="AtlasTexture" id=1]
flags = 4
atlas = ExtResource( 2 )
region = Rect2( 64, 0, 64, 64 )

[sub_resource type="AtlasTexture" id=2]
flags = 4
atlas = ExtResource( 2 )
region = Rect2( 128, 0, 64, 64 )

[sub_resource type="AtlasTexture" id=3]
flags = 4
atlas = ExtResource( 2 )
region = Rect2( 192, 0, 64, 64 )

[sub_resource type="AtlasTexture" id=4]
flags = 4
atlas = ExtResource( 2 )
region = Rect2( 0, 0, 64, 64 )

[sub_resource type="AtlasTexture" id=5]
flags = 4
atlas = ExtResource( 2 )
region = Rect2( 64, 64, 64, 64 )

[sub_resource type="AtlasTexture" id=6]
flags = 4
atlas = ExtResource( 2 )
region = Rect2( 0, 64, 64, 64 )

[sub_resource type="AtlasTexture" id=7]
flags = 4
atlas = ExtResource( 2 )
region = Rect2( 128, 64, 64, 64 )

[sub_resource type="AtlasTexture" id=8]
flags = 4
atlas = ExtResource( 2 )
region = Rect2( 192, 64, 64, 64 )

[sub_resource type="SpriteFrames" id=9]
animations = [ {
"frames": [ SubResource( 1 ), SubResource( 2 ), SubResource( 3 ), SubResource( 4 ), SubResource( 5 ), SubResource( 6 ), SubResource( 7 ), SubResource( 8 ) ],
"loop": true,
"name": "default",
"speed": 8.0
} ]

[node name="Dynamite" type="Node2D"]
script = ExtResource( 3 )

[node name="dynamite" type="Sprite" parent="."]
scale = Vector2( 0.2, 0.2 )
texture = ExtResource( 1 )

[node name="tip_group" type="Node2D" parent="."]
position = Vector2( 0, -540 )

[node name="ColorRect" type="ColorRect" parent="tip_group"]
margin_left = -19.2278
margin_top = -649.58
margin_right = 40.7722
margin_bottom = 0.420471
__meta__ = {
"_edit_use_anchors_": false
}

[node name="tip" type="AnimatedSprite" parent="tip_group"]
position = Vector2( 13.7951, -31.8472 )
scale = Vector2( 0.8, 1 )
frames = SubResource( 9 )
frame = 3
playing = true
